@book{coutinho1997numeros,
  title={N{\'u}meros inteiros e criptografia RSA},
  author={Coutinho, Severino Colier},
  year={1997},
  publisher={IMPA}
}

@book{tnumgugu,
  title={Teoria dos N{\'u}meros: um passeio com primos e outros n{\'u}meros},
  author={Martinez, Fabio E Brochero and Moreira, Carlos Gustavo T de A and Saldanha, Nicolau C and Tengan, Eduardo},
  year={2010},
  publisher = {Impa},
  address= {Rio de Janeiro}
}

@book{sagesbm,
  title = {Elementos de Computação Matemática com SageMath},
  author={Silva, Leon and Santos, Marcelo and Machado, Ricardo},
  year={2019},
  publisher={Textos Universitários SBM},
  address={Rio de Janeiro}  
}


@manual{sagedoc,
  Key          = {SageMath},
  Author       = {{The Sage Developers}},
  Title        = {{S}ageMath, the {S}age {M}athematics {S}oftware {S}ystem ({V}ersion 9.0)},
  note         = {{\tt https://www.sagemath.org}},
  Year         = {2021},
}

@book{ireland,
  title={A Classical Introduction to Modern Number Theory},
  author={Ireland, K. and Rosen, M.},
  isbn={9781475717792},
  lccn={81023265},
  series={Graduate Texts in Mathematics},
  url={https://books.google.com.br/books?id=RDzrBwAAQBAJ},
  year={2013},
  publisher={Springer New York}
}

@book{niven,
  title={An Introduction to the Theory of Numbers},
  author={Niven, I. and Zuckerman, H.S. and Montgomery, H.L.},
  isbn={9788126518111},
  lccn={90013013},
  url={https://books.google.com.br/books?id=V52HIcKguJ4C},
  year={1991},
  publisher={Wiley}
}

@book{disquisitiones,
  title={Disquisitiones Arithmeticae},
  author={Gauss, C.F. and Waterhouse, W.C. and Clarke, A.A.},
  isbn={9781493975600},
  url={https://books.google.com.br/books?id=DyFLDwAAQBAJ},
  year={2018},
  publisher={Springer New York}
}


@book{crandall2006prime,
  title={Prime Numbers: A Computational Perspective},
  author={Crandall, R. and Pomerance, C.B.},
  isbn={9780387289793},
  lccn={2005923504},
  series={Lecture notes in statistics},
  url={https://books.google.com.br/books?id=ZXjHKPS1LEAC},
  year={2006},
  publisher={Springer New York}
}


@book{zimmermann2018computational,
  title={Computational Mathematics with SageMath},
  author={Zimmermann, P. and Casamayou, A. and Cohen, N. and Connan, G. and Dumont, T. and Fousse, L. and Maltey, F. and Meulien, M. and Mezzarobba, M. and Pernet, C. and others},
  isbn={9781611975451},
  lccn={2018039712},
  series={Other Titles in Applied Mathematics},
  url={https://books.google.com.br/books?id=0IvevAEACAAJ},
  year={2018},
  publisher={Society for Industrial and Applied Mathematics}
}


@book{bard2015sage,
  title={Sage for Undergraduates},
  author={Bard, G.V.},
  isbn={9781470411114},
  lccn={14033572},
  url={https://books.google.com.br/books?id=b2C-BgAAQBAJ},
  year={2015},
  publisher={American Mathematical Society}
}


@book{de2005fracoes,
  title={Fra{\c{c}}{\~o}es cont{\'\i}nuas: propriedades e aplica{\c{c}}{\~o}es},
  author={de Andrade, E.X.L. and Bracciali, C.F. and Sociedade Brasileira de Matem{\'a}tica Aplicada e Computacional},
  series={Notas em Matem{\'a}tica Aplicada},
  url={https://books.google.com.br/books?id=1iWvHAAACAAJ},
  year={2005},
  publisher={SBMAC}
}

@article{aitken2011counterexamples,
  title={Counterexamples to the Hasse principle},
  author={Aitken, Wayne and Lemmermeyer, Franz},
  journal={The American Mathematical Monthly},
  volume={118},
  number={7},
  pages={610--628},
  year={2011},
  publisher={Taylor \& Francis}
}

@article{agrawal2004primes,
  title={PRIMES is in P},
  author={Agrawal, Manindra and Kayal, Neeraj and Saxena, Nitin},
  journal={Annals of mathematics},
  pages={781--793},
  year={2004},
  publisher={JSTOR}
}